@article{breuil2019local,
  title={A local model for the trianguline variety and applications},
  author={Breuil, Christophe and Hellmann, Eugen and Schraen, Benjamin},
  journal={Publications math{\'e}matiques de l'IH{\'E}S},
  volume={130},
  number={1},
  pages={299--412},
  year={2019},
  publisher={Springer}
}

@article{riche2008geometric,
  title={Geometric braid group action on derived categories of coherent sheaves},
  author={Riche, Simon},
  journal={Representation Theory of the American Mathematical Society},
  volume={12},
  number={5},
  pages={131--169},
  year={2008}
} 

@article{borel1972complements,
  title={Compl{\'e}ments {\`a} l'article {\guillemotleft}Groupes r{\'e}ductifs{\guillemotright}},
  author={Borel, Armand and Tits, Jacques},
  journal={Publications Math{\'e}matiques de l'IH{\'E}S},
  volume={41},
  pages={253--276},
  year={1972}
}
@book{brion2007frobenius,
  title={Frobenius splitting methods in geometry and representation theory},
  author={Brion, Michel and Kumar, Shrawan},
  volume={231},
  year={2007},
  publisher={Springer Science \& Business Media}
}
@book{bjorner2006combinatorics,
  title={Combinatorics of Coxeter groups},
  author={Bjorner, Anders and Brenti, Francesco},
  volume={231},
  year={2006},
  publisher={Springer Science \& Business Media}
}
@book{hartshorne2013algebraic,
  title={Algebraic geometry},
  author={Hartshorne, Robin},
  volume={52},
  year={2013},
  publisher={Springer Science \& Business Media}
}
@article{mehta1992simultaneous,
  title={A simultaneous Frobenius splitting for closures of conjugacy classes of nilpotent matrices},
  author={Mehta, VB and Van der Kallen, Wilberd},
  journal={Compositio Mathematica},
  volume={84},
  number={2},
  pages={211--221},
  year={1992}
}
@book{jantzen2007representations,
  title={Representations of algebraic groups},
  author={Jantzen, Jens Carsten},
  number={107},
  year={2007},
  publisher={American Mathematical Soc.}
}
@book{kiehl2013weil,
  title={Weil conjectures, perverse sheaves and l’adic Fourier transform},
  author={Kiehl, Reinhardt and Weissauer, Rainer},
  volume={42},
  year={2013},
  publisher={Springer Science \& Business Media}
}
@book{springer2010linear,
  title={Linear algebraic groups},
  author={Springer, Tonny Albert},
  year={2010},
  publisher={Springer Science \& Business Media}
}

@article{zhu2009example,
  title={An example of the derived geometrical Satake correspondence over integers},
  author={Zhu, Xinwen},
  journal={arXiv preprint arXiv:0910.5702},
  year={2009}
}
@article{mehta1985frobenius,
  title={Frobenius splitting and cohomology vanishing for Schubert varieties},
  author={Mehta, Vikram B and Ramanathan, Annamalai},
  journal={Annals of Mathematics},
  volume={122},
  number={1},
  pages={27--40},
  year={1985},
  publisher={JSTOR}
}
@misc{stacks-project,
    shorthand    = {Stacks},
    author       = {The {Stacks Project Authors}},
    title        = {\textit{Stacks Project}},
    howpublished = {\url{https://stacks.math.columbia.edu}},
    year         = {2020},
  }
@article{grothendieck1965EGAIV2,
     author = {Grothendieck, Alexander},
     title = {{\'El\'ements de g\'eom\'etrie alg\'ebrique : IV. \'Etude locale des sch\'emas et des morphismes de sch\'emas, Seconde partie}},
     journal = {Publications Math\'ematiques de l'IH\'ES},
     publisher = {Institut des Hautes \'Etudes Scientifiques},
     volume = {24},
     year = {1965},
     pages = {5-231},
     zbl = {0135.39701},
     language = {fr},
     url = {http://www.numdam.org/item/PMIHES_1965__24__5_0}
}
@article{yun2016lectures,
  title={Lectures on Springer theories and orbital integrals},
  author={Yun, Zhiwei},
  journal={arXiv preprint arXiv:1602.01451},
  year={2016}
}
@inproceedings{Chriss1997RepresentationTA,
  title={Representation theory and complex geometry},
  author={Neil A. Chriss and Victor Ginzburg},
    publisher={Springer Science \& Business Media},
  year={1997}
}
@article{kedlaya2014cohomology,
  title={Cohomology of arithmetic families of {$(\varphi, \Gamma)$}-modules},
  author={Kedlaya, Kiran and Pottharst, Jonathan and Xiao, Liang},
  journal={Journal of the American Mathematical Society},
  volume={27},
  number={4},
  pages={1043--1115},
  year={2014}
}
@article{berger2008construction,
  title={Construction de {($\varphi$, $\Gamma$)}-modules: repr{\'e}sentations $p$-adiques et {$B$}-paires},
  author={Berger, Laurent},
  journal={Algebra \& Number Theory},
  volume={2},
  number={1},
  pages={91--120},
  year={2008},
  publisher={Mathematical Sciences Publishers}
}
@article{fontaine2008theory,
  title={Theory of $p$-adic Galois representations},
  author={Fontaine, Jean-Marc and Ouyang, Yi},
  howpublished = {\url{http://staff.ustc.edu.cn/~yiouyang/galoisrep.pdf}}
}
@article{breuil2017interpretation,
  title={Une interpr{\'e}tation modulaire de la vari{\'e}t{\'e} trianguline},
  author={Breuil, Christophe and Hellmann, Eugen and Schraen, Benjamin},
  journal={Mathematische Annalen},
  volume={367},
  number={3-4},
  pages={1587--1645},
  year={2017},
  publisher={Springer}
}
@article{fontaine2004arithmetique,
  title={Arithm{\'e}tique des repr{\'e}sentations galoisiennes $p$-adiques},
  author={Fontaine, Jean-Marc},
  journal={Ast{\'e}risque},
  volume={295},
  pages={1--115},
  year={2004},
  publisher={[Paris: Societe mathematique de France, 1973-}
}
@article{berger2008equations,
  title={{\'E}quations diff{\'e}rentielles $p$-adiques et {$(\varphi, N)$}-modules filtr{\'e}s},
  author={Berger, Laurent},
  journal={Ast{\'e}risque},
  volume={319},
  pages={13--38},
  year={2008}
}
@article{breuil2017smoothness,
  title={Smoothness and classicality on eigenvarieties},
  author={Breuil, Christophe and Hellmann, Eugen and Schraen, Benjamin},
  journal={Inventiones mathematicae},
  volume={209},
  number={1},
  pages={197--274},
  year={2017},
  publisher={Springer}
}
@article{kisin2008potentially,
  title={Potentially semi-stable deformation rings},
  author={Kisin, Mark},
  journal={Journal of the American Mathematical Society},
  volume={21},
  number={2},
  pages={513--546},
  year={2008}
}
@article{caraiani2016patching,
  title={Patching and the $p$-adic local {Langlands} correspondence},
  author={Caraiani, Ana and Emerton, Matthew and Gee, Toby and Geraghty, David and Pa{\v{s}}k{\=u}nas, Vytautas and Shin, Sug Woo},
  journal={Cambridge Journal of Mathematics},
  volume={4},
  number={2},
  pages={197--287},
  year={2016},
  publisher={International Press of Boston}
}
@article{breuil2015versII,
  title={Vers le socle localement analytique pour {$\text{GL}_n$} {II}},
  author={Breuil, Christophe},
  journal={Mathematische Annalen},
  volume={361},
  number={3-4},
  pages={741--785},
  year={2015},
  publisher={Springer}
}
@article{breuil2016versI,
  title={Vers le socle localement analytique pour {$\text{GL}_n$} {I}},
  author={Breuil, Christophe},
  journal={Annales de l'Institut Fourier},
  volume={66},
  number={2},
  pages={633-685},
  year={2016}
}
@book{humphreys2008representations,
  title={{Representations of Semisimple Lie Algebras in the BGG Category $\mathcal{O}$}},
  author={Humphreys, James E},
  volume={94},
  year={2008},
  publisher={American Mathematical Soc.}
}
@article{orlik2015jordan,
  title={On {Jordan-H{\"o}lder} series of some locally analytic representations},
  author={Orlik, Sascha and Strauch, Matthias},
  journal={Journal of the American Mathematical Society},
  volume={28},
  number={1},
  pages={99--157},
  year={2015}
}
@article{emerton2007jacquetII,
  title={Jacquet modules of locally analytic representations of $p$-adic reductive groups {II}. {The relation to parabolic induction}},
  author={Emerton, Matthew},
  journal={J. Institut Math. Jussieu},
  year={2007},
  publisher={Citeseer}
}
@inproceedings{emerton2006jacquet,
  title={Jacquet modules of locally analytic representations of $p$-adic reductive groups {I}. {Construction and first properties}},
  author={Emerton, Matthew},
  booktitle={Annales scientifiques de l’Ecole normale sup{\'e}rieure},
  volume={39},
  number={5},
  pages={775--839},
  year={2006},
  organization={Elsevier}
}
@article{wu2020supersingular,
author = {Wu, Zhixiang},
year = {2020},
month = {07},
pages = {},
title = {A note on presentations of supersingular representations of {${\text {GL}}_2(F)$}},
journal = {manuscripta mathematica},
doi = {10.1007/s00229-020-01224-z}
}
@article{emerton2008class,
  title={On a class of coherent rings, with applications to the smooth representation theory of {GL$_2 (\mathbb{Q}_p)$} in characteristic {$p$}},
  author={Emerton, Matthew},
  journal={preprint},
  year={2008}
}
@article{hu2012diagrammes,
  title={Diagrammes canoniques et repr{\'e}sentations modulo $p$ de {$\text{GL} _2 (F)$}},
  author={Hu, Yongquan},
  journal={Journal of the Institute of Mathematics of Jussieu},
  volume={11},
  number={1},
  pages={67--118},
  year={2012},
  publisher={Cambridge University Press}
}
@article{zabradi2018multivariable,
  title={Multivariable {$(\varphi,\Gamma) $}-modules and smooth $o$-torsion representations},
  author={Z{\'a}br{\'a}di, Gergely},
  journal={Selecta Mathematica, New Series},
  volume={24},
  number={2},
  pages={935--995},
  year={2018},
  publisher={Springer}
}
@article{Wu2020unibranch,
author = {Wu, Zhixiang},
year = {2020},
title = {Unfinished writing}
}
@article{douglass2014equivariant,
  title={Equivariant {K}-theory of generalized {S}teinberg varieties},
  author={Douglass, J Matthew and Roehrle, Gerhard},
  journal={Transformation Groups},
  volume={19},
  number={1},
  pages={27--56},
  year={2014},
  publisher={Springer}
}
@article{Backelin2015singular,
title = {Singular localization of $\mathfrak{g}$-modules and applications to representation theory},
author = {Backelin, Erik and Kremnitzer, Kobi},
journal = {Journal of the European Mathematical Society},
number = {11},
pages = {2763-2787},
publisher = {European Mathematical Society Publishing House},
volume = {017},
year = {2015}
}